<?xml version="1.0" encoding="UTF-8"?><record xmlns="http://www.loc.gov/MARC21/slim" xmlns:cinclude="http://apache.org/cocoon/include/1.0" xmlns:zs="http://www.loc.gov/zing/srw/">
  <leader>00461nz  a2200145n  4500</leader>
  <controlfield tag="001">no2001027257</controlfield>
  <controlfield tag="003">DLC</controlfield>
  <controlfield tag="005">20010406071042.0</controlfield>
  <controlfield tag="008">010405n| acannaab           |a aaa     c</controlfield>
  <datafield tag="010" ind1=" " ind2=" ">
    <subfield code="a">no2001027257</subfield>
  </datafield>
  <datafield tag="035" ind1=" " ind2=" ">
    <subfield code="a">(OCoLC)oca05457066</subfield>
  </datafield>
  <datafield tag="040" ind1=" " ind2=" ">
    <subfield code="a">OOC</subfield>
    <subfield code="b">eng</subfield>
    <subfield code="c">OOC</subfield>
  </datafield>
  <datafield tag="100" ind1="1" ind2=" ">
    <subfield code="a">Hase, Heidi Sophia</subfield>
  </datafield>
  <datafield tag="400" ind1="1" ind2=" ">
    <subfield code="a">Haase, Heidi Sophia</subfield>
  </datafield>
  <datafield tag="670" ind1=" " ind2=" ">
    <subfield code="a">Schulhoff, E. Suite [SR] p2000:</subfield>
    <subfield code="b">container (Heidi Sophia Haase, piano; Heidi Sophia Hase) insert (Heidi Sophia Hase; b. Stuttgart)</subfield>
  </datafield>
</record>